% * Numerical method and parameterization for ocean modeling

@article{marotzke1991influence,
  title={Influence of convective adjustment on the stability of the thermohaline circulation},
  author={Marotzke, Jochem},
  journal={Journal of Physical Oceanography},
  volume={21},
  number={6},
  pages={903--907},
  year={1991}
}
@article{rahmstorf1993fast,
  title={A fast and complete convection scheme for ocean models},
  author={Rahmstorf, S},
  journal={Ocean Modelling},
  volume={101},
  number={9.11},
  year={1993}
}

@article{redi1982oceanic,
  title={Oceanic isopycnal mixing by coordinate rotation},
  author={Redi, Martha H},
  journal={Journal of Physical Oceanography},
  volume={12},
  number={10},
  pages={1154--1158},
  year={1982}
}
  
@article{gent1990isopycnal,
  title={Isopycnal mixing in ocean circulation models},
  author={Gent, Peter R and McWilliams, James C},
  journal={Journal of Physical Oceanography},
  volume={20},
  number={1},
  pages={150--155},
  year={1990}
}

@article{danabasoglu1995sensitivity,
  title={Sensitivity of the global ocean circulation to parameterizations of mesoscale tracer transports},
  author={Danabasoglu, Gokhan and Mc Williams, James C},
  journal={Journal of Climate},
  volume={8},
  number={12},
  pages={2967--2987},
  year={1995}
}
@article{large1997sensitivity,
  title={Sensitivity to surface forcing and boundary layer mixing in a global ocean model: Annual-mean climatology},
  author={Large, William G and Danabasoglu, Gokhan and Doney, Scott C and McWilliams, James C},
  journal={Journal of Physical Oceanography},
  volume={27},
  number={11},
  pages={2418--2447},
  year={1997}
}
@article{griffies1998gent,
  title={The {G}ent--{M}c{W}illiams {S}kew {F}lux},
  author={Griffies, Stephen M},
  journal={Journal of Physical Oceanography},
  volume={28},
  number={5},
  pages={831--841},
  year={1998}
  }

@article{jackett1995minimal,
  title={Minimal adjustment of hydrographic profiles to achieve static stability},
  author={Jackett, David R and Mcdougall, Trevor J},
  journal={Journal of Atmospheric and Oceanic Technology},
  volume={12},
  number={2},
  pages={381--389},
  year={1995}
}

@article{han1984numerical1,
  title={A numerical world ocean general circulation model Part I. Basic design and barotropic experiment},
  author={Han, Young-June},
  journal={Dynamics of atmospheres and oceans},
  volume={8},
  number={2},
  pages={107--140},
  year={1984},
  publisher={Elsevier}
}

@article{han1984numerical2,
  title={A numerical world ocean general circulation model: Part II. A baroclinic experiment},
  author={Han, Young-June},
  journal={Dynamics of atmospheres and oceans},
  volume={8},
  number={2},
  pages={141--172},
  year={1984},
  publisher={Elsevier}
}

@article{bryan1979water,
  title={A water mass model of the world ocean},
  author={Bryan, Kirk and Lewis, LJ},
  journal={Journal of Geophysical Research: Oceans},
  volume={84},
  number={C5},
  pages={2503--2517},
  year={1979},
  publisher={Wiley Online Library}
}

@article{leonard1979stable,
  title={A stable and accurate convective modelling procedure based on quadratic upstream interpolation},
  author={Leonard, Brian P},
  journal={Computer methods in applied mechanics and engineering},
  volume={19},
  number={1},
  pages={59--98},
  year={1979},
  publisher={Elsevier}
}

@article{shchepetkin2005regional,
  title={The regional oceanic modeling system (ROMS): a split-explicit, free-surface, topography-following-coordinate oceanic model},
  author={Shchepetkin, Alexander F and McWilliams, James C},
  journal={Ocean Modelling},
  volume={9},
  number={4},
  pages={347--404},
  year={2005},
  publisher={Elsevier}
}

@article{large1994oceanic,
  title={Oceanic vertical mixing: A review and a model with a nonlocal boundary layer parameterization},
  author={Large, William G and McWilliams, James C and Doney, Scott C},
  journal={Reviews of Geophysics},
  volume={32},
  number={4},
  pages={363--403},
  year={1994},
  publisher={Wiley Online Library}
}

@article{dukowicz1994implicit,
  title={Implicit free-surface method for the Bryan-Cox-Semtner ocean model},
  author={Dukowicz, John K and Smith, Richard D},
  journal={Journal of Geophysical Research: Oceans},
  volume={99},
  number={C4},
  pages={7991--8014},
  year={1994},
  publisher={Wiley Online Library}
}

% * Numerical method and parameterization for sea-ice  modeling

@article{ono1967specific,
  title={Specific heat and heat of fusion of sea ice},
  author={ONO, Nobuo},
  journal={Physics of Snow and Ice: proceedings= 雪氷の物理学: 論文集},
  volume={1},
  number={1},
  pages={599--610},
  year={1967},
  publisher={Institute of Low Temperature Science, Hokkaido University}
}

@article{maykut1971some,
  title={Some results from a time-dependent thermodynamic model of sea ice},
  author={Maykut, Gary A and Untersteiner, Norbert},
  journal={Journal of Geophysical Research},
  volume={76},
  number={6},
  pages={1550--1575},
  year={1971},
  publisher={Wiley Online Library}
}

@article{semtner1976model,
  title={A model for the thermodynamic growth of sea ice in numerical investigations of climate},
  author={Semtner Jr, Albert J},
  journal={Journal of Physical Oceanography},
  volume={6},
  number={3},
  pages={379--389},
  year={1976}
}

@article{winton2000reformulated,
  title={A reformulated three-layer sea ice model},
  author={Winton, Michael},
  journal={Journal of atmospheric and oceanic technology},
  volume={17},
  number={4},
  pages={525--531},
  year={2000}
}

% * Numerical method and parameterization for coupled model

@article{arakawa2011data,
  title={Data exchange algorithm and software design of KAKUSHIN coupler Jcup},
  author={Arakawa, Takashi and Yoshimura, Hiromasa and Saito, Fuyuki and Ogochi, Koji},
  journal={Procedia Computer Science},
  volume={4},
  pages={1516--1525},
  year={2011},
  publisher={Elsevier}
}

@article{jones1999first,
  title={First-and second-order conservative remapping schemes for grids in spherical coordinates},
  author={Jones, Philip W},
  journal={Monthly Weather Review},
  volume={127},
  number={9},
  pages={2204--2210},
  year={1999}
}

@article{sausen1996techniques,
  title={Techniques for asynchronous and periodically synchronous coupling of atmosphere and ocean models},
  author={Sausen, Robert and Voss, Reinhard},
  journal={Climate Dynamics},
  volume={12},
  number={5},
  pages={313--323},
  year={1996},
  publisher={Springer}
}
@article{voss1996techniques,
  title={Techniques for asynchronous and periodically synchronous coupling of atmosphere and ocean models},
  author={Voss, Reinhard and Sausen, Robert},
  journal={Climate Dynamics},
  volume={12},
  number={9},
  pages={605--614},
  year={1996},
  publisher={Springer}
}
@article{voss1998periodically,
  title={Periodically synchronously coupled integrations with the atmosphere-ocean general circulation model ECHAM3/LSG},
  author={Voss, Reinhard and Sausen, Robert and Cubasch, Ulrich},
  journal={Climate Dynamics},
  volume={14},
  number={4},
  pages={249--266},
  year={1998},
  publisher={Springer}
}

% ocean dynamics
%
@article{marshall2003residual,
  title={Residual-mean solutions for the Antarctic Circumpolar Current and its associated overturning circulation},
  author={Marshall, John and Radko, Timour},
  journal={Journal of Physical Oceanography},
  volume={33},
  number={11},
  pages={2341--2354},
  year={2003}
}


% * Numerical method and parameterization for atmospheric modeling

@article{arakawa1977computational,
  title={Computational design of the basic dynamical processes of the {UCLA} general circulation model},
  author={Arakawa, Akio and Lamb, Vivian R}, 
  year={1977}
}

@article{arakawa1983vertical,
  title={Vertical differencing of the primitive equations in sigma coordinates},
  author={Arakawa, Akio and Suarez, Max J},
  journal={Monthly Weather Review},
  volume={111},
  number={1},
  pages={34--45},
  year={1983}
}

@article{manabe1965simulated,
  title={Simulated climatology of a general circulation model with a hydrologic cycle},
  author={Manabe, Syukuro and Smagorinsky, Joseph and Strickler, Robert F},
  journal={Mon. Wea. Rev},
  volume={93},
  number={12},
  pages={769--798},
  year={1965},
  publisher={Citeseer}
}

@article{mellor1974hierarchy,
  title={A hierarchy of turbulence closure models for planetary boundary layers},
  author={Mellor, George L and Yamada, Tetsuji},
  journal={Journal of the Atmospheric Sciences},
  volume={31},
  number={7},
  pages={1791--1806},
  year={1974}
}

@article{mellor1982development,
  title={Development of a turbulence closure model for geophysical fluid problems},
  author={Mellor, George L and Yamada, Tetsuji},
  journal={Reviews of Geophysics},
  volume={20},
  number={4},
  pages={851--875},
  year={1982},
  publisher={Wiley Online Library}
}

@inproceedings{louis1982short,
  title={A short history of the operational PBL parameterization at ECMWF},
  author={Louis, Jean Fran{\c{c}}ois},
  booktitle={Workshop on Planetary Boundary Layer Parameterization, ECMWF, England, 1982},
  year={1982}
}

@article{nakajima1992study,
  title={A study on the “runaway greenhouse effect” with a one-dimensional radiative--convective equilibrium model},
  author={Nakajima, Shinichi and Hayashi, Yoshi-Yuki and Abe, Yutaka},
  journal={Journal of the atmospheric sciences},
  volume={49},
  number={23},
  pages={2256--2266},
  year={1992}
}

@incollection{bourke1988spectral,
  title={Spectral methods in global climate and weather prediction models},
  author={Bourke, William},
  booktitle={Physically-Based Modelling and Simulation of Climate and Climatic Change},
  pages={169--220},
  year={1988},
  publisher={Springer}
}

@article{williams2009proposed,
  title={A proposed modification to the Robert--Asselin time filter},
  author={Williams, Paul D},
  journal={Monthly Weather Review},
  volume={137},
  number={8},
  pages={2538--2546},
  year={2009}
}

% observation of exoplanets
%
@article{witze2018NASA,
author = {Witze, Alexandra},
year = {2018},
month = {04},
pages = {158-159},
title = {NASA’s next exoplanet hunter will seek worlds close to home},
volume = {556},
booktitle = {Nature}
}

% the diversity of exoplanet climates
%
@article{pierrehumbert2013strange,
  title={Strange news from other stars},
  author={Pierrehumbert, Raymond T},
  journal={Nature Geoscience},
  volume={6},
  number={2},
  pages={81},
  year={2013},
  publisher={Nature Publishing Group}
}

% influence of ocean heat transport on climate, sea ice ...
@article{herweijer2005ocean,
  title={Why ocean heat transport warms the global mean climate},
  author={Herweijer, Celine and Seager, Richard and Winton, Michael and Clement, Amy},
  journal={Tellus A},
  volume={57},
  number={4},
  pages={662--675},
  year={2005},
  publisher={Wiley Online Library}
}
@article{koll2013tropical,
  title={Why tropical sea surface temperature is insensitive to ocean heat transport changes},
  author={Koll, Daniel DB and Abbot, Dorian S},
  journal={Journal of Climate},
  volume={26},
  number={18},
  pages={6742--6749},
  year={2013}
}
@article{bitz2005maintenance,
  title={Maintenance of the sea-ice edge},
  author={Bitz, CM and Holland, MM and Hunke, EC and Moritz, RE},
  journal={Journal of climate},
  volume={18},
  number={15},
  pages={2903--2921},
  year={2005}
}
% DCMODEL
@Misc{dennou_club,
author = {地球流体電脳倶楽部},
note = "\url{http://www.gfd-dennou.org/}",
}
@Misc{dcpam5_doc,
author = {地球流体電脳倶楽部},
title = {DCPAM5 ドキュメント},
note = "\url{http://www.gfd-dennou.org/ library/dcpam/dcpam5/dcpam5_latest/doc/}",
}
% Thesis with DCPAM
@conference{jpgu2018matsuda,
  author = "松田幸樹 and 高橋芳幸 and 石渡正樹, 林祥介",
  title = {大気大循環モデルを用いた地球気候の太陽定数依存性に関する数値実験},
  booktitle = {日本地球惑星科学連合2018年大会},
  address = {幕張メッセ},
  year = {2018},
  month = {May},
  day = {20--34},
  howpublished = {Oral}
}
@article{matsuda2018_dcpamE_solarconstdep,
  title={大気大循環モデルを用いた地球気候の太陽定数依存性に関する数値的研究},
  author={松田幸樹},
  journal={神戸大学修士論文},
  year={2018}, 
  note = "\url{http://www.gfd-dennou.org/arch/prepri/2018/kobe-u/180202_matsudak_Mthesis/paper/pub/Mthesis.pdf}",
}
@article{narita2015_dcpamExoplanetGJ667Cc_climate,
  title={生命保有可能系外惑星{GJ}667{C}cの気候モデリング},
  author={成田一輝},
  journal={北海道大学卒業論文},
  year={2015}, 
  note = "\url{https://www.ep.sci.hokudai.ac.jp/~psg/doc2015/Btheis/kazukin_B.pdf}",
}
@article{seki2014_dcpamM_watercirc,
  title={大気大循環モデルによる火星大気での水循環の数値計算},
  author={関友也},
  journal={神戸大学修士論文},
  year={2014}, 
  note = "\url{http://www.gfd-dennou.org/arch/prepri/2014/kobe-u/140207_tbseki-Mthesis/paper/pub/shuron.pdf}",
}
@article{kawahara_dcpamJ_hotspot,
  title={DCPAM を用いた木星の 5 um hotspot の数値シミュレーション},
  author={川原健史},
  journal={北海道大学卒業論文},
  year={2014}, 
  note = "\url{https://www.ep.sci.hokudai.ac.jp/~psg/doc2014/kawahara_B/kawahara_B.pdf}",
}
@article{itani2012_dcpamE_clim_obliquity_dep,
  title={大気大循環モデルによる地球気候の表現とその自転軸傾斜角依存性},
  author={井谷優花},
  journal={神戸大学修士論文},
  year={2012}, 
  note = "\url{http://www.gfd-dennou.org/arch/prepri/2012/kobe-u/120209_yukai_Mthesis/paper/pub/main.pdf}",
}
@article{baba2012_dcpamV_superrotation,
  title={金星大気スーパーローテーションの放射強制に対する依存性},
  author={馬場健聡},
  journal={北海道大学修士論文},
  year={2012}, 
  note = "\url{https://www.ep.sci.hokudai.ac.jp/~psg/doc2012/kintore_M/kintore_M.pdf}",
}
% observation of terrestrial planets
%% Mars
@article{baker1991ancient,
  title={Ancient oceans, ice sheets and the hydrological cycle on Mars},
  author={Baker, VR and Strom, RG and Gulick, VC and Kargel, JS and Komatsu, Goro and Kale, VS},
  journal={Nature},
  volume={352},
  number={6336},
  pages={589},
  year={1991},
  publisher={Nature Publishing Group}
}
@article{smith2003thermal,
  title={Thermal Emission Imaging System (THEMIS) infrared observations of atmospheric dust and water ice cloud optical depth},
  author={Smith, Michael D and Bandfield, Joshua L and Christensen, Philip R and Richardson, Mark I},
  journal={Journal of Geophysical Research: Planets},
  volume={108},
  number={E11},
  year={2003},
  publisher={Wiley Online Library}
}
@article{greeley2010gusev,
  title={Gusev Crater, Mars: Observations of three dust devil seasons},
  author={Greeley, Ronald and Waller, Devin A and Cabrol, Nathalie A and Landis, Geoffrey A and Lemmon, Mark T and Neakrase, Lynn DV and Pendleton Hoffer, Mary and Thompson, Shane D and Whelley, Patrick L},
  journal={Journal of Geophysical Research: Planets},
  volume={115},
  number={E7},
  year={2010},
  publisher={Wiley Online Library}
}
%% Venus
@article{horinouchi2017equatorial,
  title={Equatorial jet in the lower to middle cloud layer of Venus revealed by Akatsuki},
  author={Horinouchi, Takeshi and Murakami, Shin-ya and Satoh, Takehiko and Peralta, Javier and Ogohara, Kazunori and Kouyama, Toru and Imamura, Takeshi and Kashimura, Hiroki and Limaye, Sanjay S and McGouldrick, Kevin and others},
  journal={Nature Geoscience},
  volume={10},
  number={9},
  pages={646},
  year={2017},
  publisher={Nature Publishing Group}
}
@article{fukuhara2017large,
  title={Large stationary gravity wave in the atmosphere of Venus},
  author={Fukuhara, Tetsuya and Futaguchi, Masahiko and Hashimoto, George L and Horinouchi, Takeshi and Imamura, Takeshi and Iwagaimi, Naomoto and Kouyama, Toru and Murakami, Shin-ya and Nakamura, Masato and Ogohara, Kazunori and others},
  journal={Nature Geoscience},
  volume={10},
  number={2},
  pages={85--88},
  year={2017},
  publisher={Nature Research}
}
@article{salvador2017relative,
  title={The relative influence of H2O and CO2 on the primitive surface conditions and evolution of rocky planets},
  author={Salvador, Arnaud and Massol, H{\'e}l{\`e}ne and Davaille, Anne and Marcq, Emmanuel and Sarda, Philippe and Chassefi{\`e}re, Eric},
  journal={Journal of Geophysical Research: Planets},
  volume={122},
  number={7},
  pages={1458--1486},
  year={2017},
  publisher={Wiley Online Library}
}
%% Jupiter
@article{kaspi2018jupiter,
  title={Jupiter’s atmospheric jet streams extend thousands of kilometres deep},
  author={Kaspi, Y and Galanti, E and Hubbard, WB and Stevenson, DJ and Bolton, SJ and Iess, L and Guillot, T and Bloxham, J and Connerney, JEP and Cao, H and others},
  journal={Nature},
  volume={555},
  number={7695},
  pages={223},
  year={2018},
  publisher={Nature Publishing Group}
}
@article{guillot2018suppression,
  title={A suppression of differential rotation in Jupiter’s deep interior},
  author={Guillot, Tristan and Miguel, Y and Militzer, B and Hubbard, WB and Kaspi, Y and Galanti, E and Cao, H and Helled, R and Wahl, SM and Iess, L and others},
  journal={Nature},
  volume={555},
  number={7695},
  pages={227},
  year={2018},
  publisher={Nature Publishing Group}
}
@article{adriani2018clusters,
  title={Clusters of cyclones encircling Jupiter’s poles},
  author={Adriani, Alberto and Mura, A and Orton, G and Hansen, C and Altieri, F and Moriconi, ML and Rogers, J and Eichst{\"a}dt, G and Momary, T and Ingersoll, AP and others},
  journal={Nature},
  volume={555},
  number={7695},
  pages={216},
  year={2018},
  publisher={Nature Publishing Group}
}
%%%
@misc{matsuda_2000_palnetaryclimate,
  title={惑星気象学},
  author={松田佳久},
  year={2000},
  publisher={東京大学出版会}
}

% NCEP/NCAR reanalysis
@article{kalnay1996ncep,
  title={The NCEP/NCAR 40-year reanalysis project},
  author={Kalnay, Eugenia and Kanamitsu, Masao and Kistler, Robert and Collins, William and Deaven, Dennis and Gandin, Lev and Iredell, Mark and Saha, Suranjana and White, Glenn and Woollen, John and others},
  journal={Bulletin of the American meteorological Society},
  volume={77},
  number={3},
  pages={437--472},
  year={1996},
  publisher={American Meteorological Society}
}
% Oceanography & data
@techreport{fukumori2017ecco,
  title={ECCO version 4 release 3},
  author={Fukumori, Ichiro and Wang, Ou and Fenty, Ian and Forget, Gael and Heimbach, Patrick and Ponte, Rui M},
  year={2017}
}
@article{locarnini2013world,
  title={World Ocean Atlas 2013, Volume 1: Temperature, edited by: Levitus, S},
  author={Locarnini, RA and Mishonov, AV and Antonov, JI and Boyer, TP and Garcia, HE and Baranova, OK and Zweng, MM and Paver, CR and Reagan, JR and Johnson, DR and others},
  journal={A. Mishonov Technical Ed., NOAA Atlas NESDIS},
  volume={73},
  pages={40},
  year={2013}
}
@article{zweng2013world,
  title={World ocean atlas 2013. Volume 2, Salinity},
  author={Zweng, Melissa M and Reagan, James R and Antonov, John I and Locarnini, Ricardo A and Mishonov, Alexey V and Boyer, Timothy P and Garcia, Hernan E and Baranova, Olga K and Johnson, Daphne R and Seidov, Dan and others},
  year={2013}
}
%%


@article{wagner2015climate,
  title={How climate model complexity influences sea ice stability},
  author={Wagner, Till JW and Eisenman, Ian},
  journal={Journal of Climate},
  volume={28},
  number={10},
  pages={3998--4014},
  year={2015}
}
	      
% * APE with AGCM 
@article{ishiwatari19983nagre,
  title={3 次元灰色大気構造の太陽定数依存性と暴走温室状態},
  author={石渡正樹 and 中島健介 and 竹広真一},
  journal={ながれ},
  volume={17},
  number={3},
  pages={CD--ROM},
  year={1998},
  publisher={日本流体力学会}
}
@article{ishiwatari2002numerical,
  title={A numerical study on appearance of the runaway greenhouse state of a three-dimensional gray atmosphere},
  author={Ishiwatari, Masaki and Takehiro, Shin-ichi and Nakajima, Kensuke and Hayashi, Yoshi-Yuki},
  journal={Journal of the atmospheric sciences},
  volume={59},
  number={22},
  pages={3223--3238},
  year={2002}
}
@article{ishiwatari2007dependence,
  title={Dependence of climate states of gray atmosphere on solar constant: From the runaway greenhouse to the snowball states},
  author={Ishiwatari, Masaki and Nakajima, Kensuke and Takehiro, Shin-ichi and Hayashi, Y-Y},
  journal={Journal of Geophysical Research: Atmospheres},
  volume={112},
  number={D13},
  year={2007},
  publisher={Wiley Online Library}
}

% * APE with coupled model

@article{smith2006global,
  title={Global climate and ocean circulation on an aquaplanet ocean-atmosphere general circulation model},
  author={Smith, Robin S and Dubois, Clotilde and Marotzke, Jochem},
  journal={Journal of climate},
  volume={19},
  number={18},
  pages={4719--4737},
  year={2006}
}

@article{marshall2007mean,
  title={Mean climate and variability of the atmosphere and ocean on an aquaplanet},
  author={Marshall, John and Ferreira, David and Campin, JM and Enderton, Daniel},
  journal={Journal of the Atmospheric Sciences},
  volume={64},
  number={12},
  pages={4270--4286},
  year={2007}
}
@article{enderton2009explorations,
  title={Explorations of atmosphere-ocean-ice climates on an aquaplanet and their meridional energy transports},
  author={Enderton, Daniel and Marshall, John},
  journal={Journal of the Atmospheric Sciences},
  volume={66},
  number={6},
  pages={1593--1611},
  year={2009}
}
@article{ferreira2011climate,
  title={Climate determinism revisited: multiple equilibria in a complex climate model},
  author={Ferreira, David and Marshall, John and Rose, Brian},
  journal={Journal of Climate},
  volume={24},
  number={4},
  pages={992--1012},
  year={2011}
}
@article{rose2012ocean,
  title={Ocean heat transport and water vapor greenhouse in a warm equable climate: A new look at the low gradient paradox},
  author={Rose, Brian EJ and Ferreira, David},
  journal={Journal of Climate},
  volume={26},
  number={6},
  pages={2117--2136},
  year={2012}
}      
@article{cullum2014importance,
  title={The importance of planetary rotation period for ocean heat transport},
  author={Cullum, Jodie and Stevens, David and Joshi, Manoj},
  journal={Astrobiology},
  volume={14},
  number={8},
  pages={645--650},
  year={2014},
  publisher={Mary Ann Liebert, Inc. 140 Huguenot Street, 3rd Floor New Rochelle, NY 10801 USA}
}

@article{rose2015stable,
  title={Stable “Waterbelt” climates controlled by tropical ocean heat transport: A nonlinear coupled climate mechanism of relevance to Snowball Earth},
  author={Rose, Brian EJ},
  journal={Journal of Geophysical Research: Atmospheres},
  volume={120},
  number={4},
  pages={1404--1423},
  year={2015},
  publisher={Wiley Online Library}
 }

@article{farneti2009intermediate,
  title={An Intermediate Complexity Climate Model (ICCMp1) based on the GFDL flexible modelling system},
  author={Farneti, R and Vallis, GK},
  journal={Geoscientific Model Development},
  volume={2},
  number={2},
  pages={73},
  year={2009},
  publisher={Copernicus GmbH}
}

% * Numerical study of exoplanet climate with AGCM

@article{noda2017circulation,
  title={The circulation pattern and day-night heat transport in the atmosphere of a synchronously rotating aquaplanet: Dependence on planetary rotation rate},
  author={Noda, S and Ishiwatari, M and Nakajima, K and Takahashi, YO and Takehiro, S and Onishi, M and Hashimoto, GL and Kuramoto, K and Hayashi, Y-Y},
  journal={Icarus},
  volume={282},
  pages={1--18},
  year={2017},
  publisher={Elsevier}
}
	      
% * Numerical study of exoplanet climate wirh coupled model

@article{hu2014role,
  title={Role of ocean heat transport in climates of tidally locked exoplanets around M dwarf stars},
  author={Hu, Yongyun and Yang, Jun},
  journal={Proceedings of the National Academy of Sciences},
  volume={111},
  number={2},
  pages={629--634},
  year={2014},
  publisher={National Acad Sciences}
}

% * Numerical study of dependence of planetary climate on solar constant or CO2 concentration

@article{stone2004ice,
  title={The ice-covered Earth instability in a model of intermediate complexity},
  author={Stone, PH and Yao, MS},
  journal={Climate dynamics},
  volume={22},
  number={8},
  pages={815--822},
  year={2004},
  publisher={Springer}
}

@article{abbot2011jormungand,
  title={The Jormungand global climate state and implications for Neoproterozoic glaciations},
  author={Abbot, Dorian S and Voigt, Aiko and Koll, Daniel},
  journal={Journal of Geophysical Research: Atmospheres},
  volume={116},
  number={D18},
  year={2011},
  publisher={Wiley Online Library}
}

% GFD
@book{vallis2006AOFD, 
  place={Cambridge}, 
  title={Atmospheric and Oceanic Fluid Dynamics: Fundamentals and Large-scale Circulation}, 
  DOI={10.1017/CBO9780511790447}, 
  publisher={Cambridge University Press}, 
  author={Vallis, Geoffrey K.}, 
  year={2006}
}

% Dthesis by ykawai
@article{ykawai2018_Dthesis,
  title={大気海洋海氷結合モデルの開発と海惑星気候に対する海洋大循環の影響に関する数値実験},
  author={河合佑太},
  journal={神戸大学博士論文},
  year={2018}, 
  note = "\url{https://www.gfd-dennou.org/GFD_Dennou_Club/dc-arch/prepri/2018/kobe-u/ykawai_Dthesis/paper/src/dthesis_ja_main_latest.pdf}",
}